@inproceedings{mahmud2013will,
	title={When will you answer this? estimating response time in twitter},
	author={Mahmud, Jalal and Chen, Jilin and Nichols, Jeffrey},
	booktitle={Proceedings of the International AAAI Conference on Web and Social Media},
	volume={7},
	pages={697--700},
	year={2013}
}

